

%Chapitre 1
@book{InternationalEnergyAgency_2021, title={Global Hydrogen Review 2021}, ISBN={9789264519312}, url={https://www.oecd-ilibrary.org/energy/global-hydrogen-review-2021_39351842-en}, DOI={10.1787/39351842-en}, publisher={OECD}, author={International Energy Agency}, year={2021}, month={Oct}, language={en} }

@book{ADEME_2022, title={transition 2050}, author={ADEME}, year={2022} })

@misc{unkown1, title = {Comparison of specific energy (energy per mass or gravimetric density) and energy density (energy per volume or volumetric density) for several fuels based on lower heating values.},publisher={Hydrogen and Fuel Cell Technologies Office}, 
url = {https://www.energy.gov/eere/fuelcells/hydrogen-storage},} 

@book{hydrogene_2021, title = {L'hydrogène en France}, author={France Hydrogène}, year = {2021}, month = {Dec},  language = {Français} }

%Chapitre 2
@misc{Geostock_2022, title={Stockage souterrain de GNL  en cavités minées revêtues}, url={file:///C:/Users/loraa/OneDrive/Documents/Mines%20Paris/MIG/Geostock-Stockage%20GNL.pdf}, author={Geostock}, year={2022}, month={Nov} }

@inproceedings{Nicolas_2008, title={Underground storage of LNG in mined rock cavern}, url={file:///C:/Users/loraa/Downloads/GK_IGRC_full_paper.pdf}, author={Nicolas, Gatelier}, year={2008} }


%Chapitre 3

@article{Surla2019, title={Hydrogène}, url={https://www.techniques-ingenieur.fr/doi/10.51257/a/v2/j6368}, DOI={10.51257/a-v2-j6368}, journal={Opérations unitaires. Génie de la réaction chimique}, author={Surla, Karine}, year={2019}, month={May}, language={fr} }

@article{Prod_gaz_synth, title={Production des gaz de synthèse par vaporeformage}, url={https://www.techniques-ingenieur.fr/doi/10.51257/a/v3/j5480}, DOI={10.51257/a-v3-j5480}, journal={Opérations unitaires. Génie de la réaction chimique}, author={Giroudière, Fabrice and Le Gall, André}, year={2012}, month={Feb}, language={fr} }

@misc{orthopara, title={Why equilibrium hydrogen doesn’t exist | HYdrogen Properties for Energy Research (HYPER) Laboratory}, author={ Washington State University}, url={https://hydrogen.wsu.edu/2015/06/22/why-equilibrium-hydrogen-doesnt-exist/}, language={en-US} }

@misc{MAHYTEC, title={Fiche technique - réservoir d’hydrogène haute pression}, url={https://www.mahytec.com/wp-content/uploads/2021/07/CL-DS7-Data-Sheet_500bar-FR.pdf}, author={MAHYTEC} }

@misc{The_Suiso_Frontier, title={The suiso frontier}, url={https://www.hydrogenenergysupplychain.com/supply-chain/the-suiso-frontier/}, publisher={HESC} }


%Chapitre 4

@book{Hadj_Hassen_Jallais_2020, title={Analyse économique des scénarios et identification de sites potentiels de stockage d’hydrogène}, institution={Armines et Air Liquide}, author={Hadj-Hassen, Faouzi and Jallais, Simon}, year={2020}, pages={24}, collection={Risques et Opportunites du STOCKage geologique d’Hydrogene en cavites salines en France et en Europe} }

@misc{InfoTerre, url={http://infoterre.brgm.fr/}}
@misc{InfoTerreCarte, title={Carte géologique BRGM}, url={https://www.brgm.fr/fr/actualite/actualite/science-ouverte-brgm-donne-acces-gratuit-cartes-geologiques}, author={BRGM}}

